@Misc{radzio,
  author          = "{Marcin Radzio}",
  title        = "{Author Identification With Recurrent Neural Networks}",
  year = {2017}
}

@Misc{pan,
  title        = "{Author Identification PAN at CLEF 2015}",
  howpublished = {\url{https://pan.webis.de/clef15/pan15-web/author-identification.html/}},
}

@Misc{bagnall,
  author          = "{Douglas Bagnall}",
  title        = "{Author Identification using multi-headed Recurrent Neural Networks}",
  howpublished = {\url{http://ceur-ws.org/Vol-1391/150-CR.pdf}},
}

@Misc{pytorch,
  title        = "{Dokumentacja Pytorch}",
  howpublished = {\url{https://pytorch.org/}},
}

@Misc{udemy,
  title        = "{Udemy: The Complete Neural Networks Bootcamp}",
  howpublished = {\url{https://www.udemy.com/course/the-complete-neural-networks-bootcamp-theory-applications/}},
}

@Misc{plgrid,
  title        = "{PL-Grid manual}",
  howpublished = {\url{https://docs.cyfronet.pl/pages/viewpage/}},
}

@Misc{adam,
  title        = "{Algorytm optymalizacji Adam}",
  howpublished = {\url{https://towardsdatascience.com/adam-latest-trends-in-deep-learning-optimization-6be9a291375c/}},
}